<?xml version="1.0" encoding="UTF-8"?><collection xmlns="http://www.loc.gov/MARC21/slim"><record><leader>00499nam--2200181-i-4500</leader><controlfield tag="001">000012297</controlfield><controlfield tag="002">20161230</controlfield><controlfield tag="005">20161230201029</controlfield><controlfield tag="008">060222s1000------------r-----000-0-eng-d</controlfield><datafield ind1=" " ind2=" " tag="040"><subfield code="a">IFIN-HH</subfield></datafield><datafield ind1=" " ind2=" " tag="080"><subfield code="a">537.611.42:539.19</subfield></datafield><datafield ind1="1" ind2=" " tag="100"><subfield code="a">Mulay, L.N</subfield></datafield><datafield ind1="1" ind2="0" tag="245"><subfield code="a">Theory and applications of molecular diamagnetism</subfield><subfield code="c">J.n. mulay, e.a. boudreaux</subfield></datafield><datafield ind1=" " ind2=" " tag="260"><subfield code="a">New York</subfield><subfield code="b">John Wiley &amp; Sons</subfield><subfield code="c">1976</subfield></datafield><datafield ind1=" " ind2=" " tag="300"><subfield code="a">321 P</subfield></datafield><datafield ind1="1" ind2=" " tag="700"><subfield code="a">Boudreaux, E.A</subfield></datafield><datafield ind1=" " ind2=" " tag="852"><subfield code="a">45133</subfield><subfield code="c">539.19</subfield></datafield><datafield ind1=" " ind2=" " tag="CAT"><subfield code="a">Sys</subfield><subfield code="c">20120716</subfield><subfield code="h">131507</subfield></datafield></record></collection>